% Artykuł w recenzowanym czasopiśmie.
@article{szczypiorski2015,
    author    = "Szczypiorski, K. and Janicki, A. and Wendzel, S",
    title     = "{T}he {G}ood, {T}he {B}ad {A}nd {T}he {U}gly: {E}valuation of {W}i-{F}i {S}teganography",
    journal   = "Journal of Communications",
    volume    = "10",
    number    = "10",
    pages     = "747--752",
    publisher = "Journal of Communications (JCM)",
    year      = "2015",
}

@article{b_article_reviev_tactile_skin,
    author      = "Chiara Lucarotti, Calogero Maria Oddo, Nicola Vitiello and Maria Chiara Carrozza",
    title       = "Synthetic and Bio-Artificial Tactile Sensing: A Review",
    journal     = "Sensors",
    volume      = "13",
    number      = "1",
    publisher   = "MDPI",
    pages       = "1435-1466",
    year        = "2013"
}

@article{b_article_reviev_2_tactile_skin,
    author      = "R. S. {Dahiya} and G. {Metta} and M. {Valle} and G. {Sandini}",
    title       = "Tactile Sensing—From Humans to Humanoids",
    journal     = "IEEE Transactions on Robotics",
    volume      = "26",
    number      = "1",
    publisher   = "IEEE",
    pages       = "1-20",
    year        = "2010"
}

@article{b_article_tactile_piezo,
    author      = "Junbin Yu and Xiaojuan Hou and Min Cui and Shengnan Zhang and Jian He and Wenping Geng and Jiliang Mu and Xiujian Chou",
    title       = "Highly skin-conformal wearable tactile sensor based on piezoelectric-enhanced triboelectric nanogenerator",
    journal     = "Nano Energy",
    volume      = "64",
    number      = "1",
    publisher   = "ELSEVIER",
    pages       = "103923",
    year        = "2019"
}

@article{b_article_tactile_inductive,
    author      = "Hongbo Wang and Junwai Kow and Nicholas Raske and Gregory {de Boer} and Mazdak Ghajari and Robert Hewson and Ali Alazmani and Peter Culmer",
    title       = "Robust and high-performance soft inductive tactile sensors based on the Eddy-current effect",
    journal     = "Sensors and Actuators A: Physical",
    volume      = "271",
    number      = "1",
    publisher   = "ELSEVIER",
    pages       = "44 - 52",
    year        = "2018"
}

@ARTICLE{b_article_tactile_precise,
  author={Y. {Park} and B. {Chen} and R. J. {Wood}},
  journal={IEEE Sensors Journal}, 
  title={Design and Fabrication of Soft Artificial Skin Using Embedded Microchannels and Liquid Conductors}, 
  year={2012},
  volume={12},
  number={8},
  pages={2711-2718},
  publisher   = "IEEE",
  doi={10.1109/JSEN.2012.2200790}
  }
  
@article{b_article_EGaIn,
    author      = "Michael {D. Dickey} and {Ryan C. Chiechi} and {Ryan J. Larsen} and {mily A. Weiss} and {David A. Weitz} and George {M. Whitesides}",
    title       = "Eutectic Gallium-Indium (EGaIn): A Liquid Metal Alloy for the Formation of Stable Structures in Microchannels at Room Temperature",
    journal     = "Advanced functional materials",
    volume      = "18",
    number      = "7",
    publisher   = "WILEY",
    pages       = "1097-1104",
    year        = "2008"
}

@article{b_article_wloch_4_wytrzymalosc,
    author       = "Perla {Maiolino} and Marco {Maggiali} and Giorgio {Cannata} and Giorgio {Metta} and Lorenzo {Natale}",
    title        = "A Flexible and Robust Large Scale CapacitiveTactile System for Robots",
    journal     = "IEEE Sensors Journal",
    volume      = "13",
    number      = "10",
    publisher   = "IEEE",
    pages       = "3910 - 3917",
    year        = "2013",
}

% Książka.
@book{goossens93,
    author    = "Michel Goossens and Frank Mittelbach and Alexander Samarin",
    title     = "The LaTeX Companion",
    publisher = "Addison-Wesley",
    address   = "Reading, Massachusetts",
    year      = "1993",
}

% Fragment książki (np. zakres stron).
@inbook{wang97,
    author      = "Hao Wang",
    title       = "A Logical Journey: From G{\"o}del to Philosophy.",
    publisher   = "A Bradford Book",
    pages       = "316",
    year        = "1997"
}

@book{b_book_gray,
    author    = "Richard Drake, A. Wayne Vogl, Adam Mitchell",
    title     = "Gray's Anatomy for Students",
    publisher = "Elsevier",
    pages     = "24",
    year      = "2014",
}

@book{b_book_skin_2,
    author    = "Kenneth A. Walters",
    title     = "Dermatological and Transdermal Formulations (Drugs and the Pharmaceutical Sciences)",
    publisher = "CRC Press",
    pages     = "1-39",
    year      = "2002",
}

@book{b_book_skin_3,
    author    = "Christopher Griffiths and Jonathan Barker and Tanya O. Bleiker and Robert Chalmers and Daniel Creamer",
    title     = "Rook's Textbook of Dermatology",
    publisher = "Wiley-Blackwell",
    pages     = "1-52",
    year      = "2016",
}

@book{b_book_gietka_source_1,
    author    = "M. R. Cutkosky and R. D. Howe and W. R. Provancher",
    title     = "Springer Handbook of Robotics",
    publisher = "Springer-Verlag Berlin Heidelberg",
    pages     = "455–476",
    year      = "2008",
}

% Fragment książki (np. esej), posiadający własny tytuł.
@incollection{goedel95,
    author      = "Kurt G{\"o}del",
    title       = "Texts relating to the ontological proof",
    booktitle   = "Unpublished Essays and Lectures",
    publisher   = "Oxford University Press",
    pages       = "429--437",
    year        = "1995",
}

@incollection{b_book_skin_photo,
    author      = "Keng Wooi Ng, Wing Man Lau",
    title       = "Skin Deep: The Basics of Human Skin Structure and Drug Penetration",
    booktitle   = "Percutaneous Penetration Enhancers Chemical Methods in Penetration Enhancement",
    publisher   = "Springer Berlin Heidelberg",
    pages       = "3-11",
    year        = "2015",
}

% Publikacja konferencyjna.
@inproceedings{benzmuller2014,
    author       = "{Ch}. Benzmuller and B. W. Paleo",
    title        = "Automating {G\"o}del’s {O}ntological {P}roof of {G}od’s {E}xistence with {H}igher-order {A}utomated {T}heorem {P}rovers",
    booktitle    = "European	Conference on Artificial Intelligence",
    publisher    = "IOS Press",
    howpublished = "Dostęp zdalny (10.04.2019): \url{http://page.mi.fu-berlin.de/cbenzmueller/papers/C40.pdf}",
    year         = "2014",
}

@inproceedings{b_konf_gietka_przekroj,
    author       = "Vincent Duchaine and Nicolas Lauzier and Mathieu Baril and Marc-Antoine Lacasse and Clément Gosselin",
    title        = "A Flexible Robot Skin for Safe Physical Human Robot Interaction",
    booktitle    = "2009 IEEE International Conference on Robotics and Automation",
    publisher    = "IEEE",
    howpublished = "Dostęp zdalny (13.01.2021): \url{https://ieeexplore.ieee.org/document/5152595}",
    year         = "2009",
}

@inproceedings{b_konf_kaczka_przekroj,
    author       = "Thuy-Hong-Loan Le, Alexis Maslyczyk, Jean-Philippe Roberge and Vincent Duchaine",
    title        = "A Highly Sensitive Multimodal Capacitive Tactile Sensor",
    booktitle    = "2017 IEEE International Conference on Robotics and Automation (ICRA)",
    publisher    = "IEEE",
    howpublished = "Dostęp zdalny (13.01.2021): \url{https://ieeexplore.ieee.org/document/7989053}",
    year         = "2017",
}

@inproceedings{b_konf_collision_1,
    author       = "Alessandro De Luca; Alin Albu-Schaffer; Sami Haddadin; Gerd Hirzinger",
    title        = "Collision Detection and Safe Reaction with the DLR-III Lightweight Manipulator Arm",
    booktitle    = "2006 IEEE/RSJInternational Conference on Intelligent Robots and Systems",
    publisher    = "IEEE",
    howpublished = "Dostęp zdalny (13.01.2021): \url{https://ieeexplore.ieee.org/document/4058607}",
    year         = "2006",
}

@inproceedings{b_konf_wloch_1_opis_budowy,
    author       = "G. {Cannata} and M. {Maggiali} and G. {Metta} and G. {Sandini}",
    title        = "An Embedded Artificial Skin for Humanoid Robots",
    booktitle    = "2008 IEEE International Conference on Multisensor Fusion and Integration for Intelligent Systems",
    publisher    = "IEEE",
    howpublished = "Dostęp zdalny (13.01.2021): \url{https://ieeexplore.ieee.org/document/4648033}",
    year         = "2008",
}

@INPROCEEDINGS{b_konf_wloch_2_reka,
  author        ="Albini, Alessandro and Denei, Simone and Cannata, Giorgio",
  booktitle     ="2017 26th IEEE International Symposium on Robot and Human Interactive Communication", 
  title         ="On the recognition of human hand touch from robotic skin pressure measurements using convolutional neural networks", 
  year          ="2017",
  publisher    = "IEEE",
  howpublished = "Dostęp zdalny (13.01.2021): \url{https://ieeexplore.ieee.org/document/8172417}",
}

@INPROCEEDINGS{b_konf_wloch_3_reka,
  author="Albini, Alessandro and Cannata, Giorgio",
  booktitle="2018 27th IEEE International Symposium on Robot and Human Interactive Communication", 
  title="Tactile Images Generation from Contacts Involving Adjacent Robot Links", 
  year="2018",
  publisher    = "IEEE",
  howpublished = "Dostęp zdalny (13.01.2021): \url{https://ieeexplore.ieee.org/document/8525820}",
}

@INPROCEEDINGS{b_konf_tactile_resist_review,
  author={K. {Weiss} and H. {Worn}},
  booktitle={IEEE International Conference Mechatronics and Automation, 2005}, 
  title={The working principle of resistive tactile sensor cells}, 
  year={2005},
  volume={1},
  number={},
  publisher    = "IEEE",
  pages={471-476 Vol. 1},
}

@INPROCEEDINGS{b_konf_tactile_opto,
  author={A. {Persichetti} and F. {Vecchi} and M. C. {Carrozza}},
  booktitle={2007 IEEE 10th International Conference on Rehabilitation Robotics}, 
  title={Optoelectronic-Based Flexible Contact Sensor for Prosthetic Hand Application}, 
  year={2007},
  volume={},
  number={},
  pages={415-420},
  publisher    = "IEEE",
  }


% Raport techniczny.
@techreport{duqu2011,
    author      = "Bencsáth, B. and Pék, G. and Buttyán, L. and Félegyházi M.",
    title       = "{D}uqu: {A} {S}tuxnet-like malware found in the wild",
    institution = "Laboratory of Cryptography and System Security, Hungary",
    year        = "2011"
}

@techreport{b_report_otrzymane,
    author      = "T. Winiarski and M. Węgierek and M. Bogusz",
    title       = "Rozbudowa stanowisk badawczo–dydaktycznych robotów mobilnych i manipulacyjnych",
    institution = "KNR BIONIK, Wydział Elektroniki i Technik Informacyjnych, Politechnika Warszawska",
    year        = "2019",
}

% Specyfikacja techniczna.
@manual{shs2015,
    title        = "{FIPS} 180-4: {S}ecure {H}ash {S}tandard ({SHS})",
    howpublished = "Dostęp zdalny (13.03.2019): \url{https://nvlpubs.nist.gov/nistpubs/FIPS/NIST.FIPS.180-4.pdf}",
    year         = "2015"
}

@manual{b_manual_USB,
    title       = "Universal Serial Bus Specification",
    howpublished = "Dostęp zdalny (13.01.2021):    \url{https://www.usb.org/document-library/usb-20-specification}",
    year        = "2000"
}

% Praca magisterska.
@mastersthesis{wozniak2018,
    author = "Woźniak, Piotr",
    title  = "{P}rogramowanie kwadratowe w usuwaniu efektu rozmycia ruchu w fotografii cyfrowej",
    school  = "Wydział Elektroniki i Technik Informacyjnych, Politechnika Warszawska",
    year   = "2018",
}

% Nieopublikowany artykuł, dostępny np. tylko w internecie.
@unpublished{koons2005,
    author = "Koons, Robert C.",
    title  = "{S}obel on {G\"o}del’s {O}ntological {P}roof",
    note   = "Dostęp zdalny (25.04.2019): \url{http://www.robkoons.net/media/69b0dd04a9d2fc6dffff80b4ffffd524.pdf}",
    year   = "2005"
}

@unpublished{b_unpublic_system_lab,
    author = "Tomasz Winiarski and Wojciech Dudek and Maciej Stefańczyk and Łukasz Zieliński and Daniel Giełdowski and Dawid Seredyński",
    title  = "An intent-based approach for creating assistive robots' control systems",
    note   = "Dostęp zdalny (13.01.2021): \url{https://arxiv.org/abs/2005.12106}",
    year   = "2020"
}

@unpublished{b_unpublic_skin_1,
    author          = "Tim Newman",
    title           = "Skin: How it works",
    howpublished    = "Dostęp zdalny (13.01.2021): \url{https://www.medicalnewstoday.com/articles/320435}",
    year            = "2018",
}

% Źródło innego typu, np. repozytorium na GitHubie.
@misc{dcp19,
    author       = "Brodzki, Artur M.",
    title        = "{I}mplementation of own steganography protocol {DCP}-19, loosely based on {HICCUPS}",
    howpublished = "Dostęp zdalny (14.03.2019): \url{https://github.com/ArturB/DCP-19}",
    year         = "2019"
}

@misc{b_site_tiago,
    title           = "Strona internetowa robota Tiago",
    howpublished    = "Dostęp zdalny (13.01.2021): \url{https://pal-robotics.com/robots/tiago/}",
    year            = "2016",
}

@misc{b_site_tiago_ROS,
    title           = "Strona internetowa poświęcona używaniu robota Tiago w systemie ROS",
    howpublished    = "Dostęp zdalny (13.01.2021): \url{http://wiki.ros.org/Robots/TIAGo}",
    year            = "2016",
}

@misc{b_site_CP2102,
    title           = "Strona internetowa układu scalonego CP2102",
    howpublished    = "Dostęp zdalny (13.01.2021): \url{https://www.silabs.com/interface/usb-bridges/classic/device.cp2102}",
    year            = "2017",
}

@misc{b_site_ULN2803,
    title           = "Strona internetowa układu scalonego ULN2803",
    howpublished    = "Dostęp zdalny (13.01.2021): \url{https://www.ti.com/product/ULN2803A}",
    year            = "2006",
}


@misc{b_site_F103RB,
    title           = "Strona internetowa mikrokontrolera STM32F103RB",
    howpublished    = "Dostęp zdalny (13.01.2021): \url{https://www.st.com/en/microcontrollers-microprocessors/stm32f103rb.html}",
    year            = "2007",
}

@misc{b_site_Gazebo,
    title           = "Strona internetowa symulatora Gazebo",
    howpublished    = "Dostęp zdalny (13.01.2021): \url{http://gazebosim.org/}",
    year            = "2019",
}

@misc{b_site_ROS,
    title           = "Strona internetowa systemu ROS\texttrademark",
    howpublished    = "Dostęp zdalny (13.01.2021): \url{http://ros.org/}",
    year            = "2018",
}

@misc{b_site_ROS_wiki,
    title           = "Strona internetowa będąca wikipedią systemu ROS",
    howpublished    = "Dostęp zdalny (13.01.2021): \url{http://wiki.ros.org/}",
    year            = "2020",
}

@misc{b_site_ROS_tools,
    title           = "Strona internetowa opisująca narzędzia systemu ROS",
    howpublished    = "Dostęp zdalny (13.01.2021): \url{http://wiki.ros.org/Tools}",
    year            = "2020",
}

@misc{b_site_HC-05_sklep,
    title           = "Dostępny na rynku moduł Bluetooth HC-05",
    howpublished    = "Dostęp zdalny (13.01.2021): \url{https://botland.com.pl/moduly-bluetooth/2570-modul-bluetooth-hc-05-5903351241311.html}",
    year            = "2021",
}

@misc{b_site_cube,
    title           = "Strona internetowa narzędzia STM32CubeMX",
    howpublished    = "Dostęp zdalny (13.01.2021): \url{https://www.st.com/en/development-tools/stm32cubemx.html}",
    year            = "2014",
}

@misc{b_site_CLion,
    title           = "Strona internetowa środowiska programowania CLion",
    howpublished    = "Dostęp zdalny (13.01.2021): \url{https://www.jetbrains.com/clion/}",
    year            = "2020",
}

@misc{b_site_CLion_STM_support,
    title           = "Strona internetowa opisująca wsparcie aktualnego środowiska CLion dla mikrokontrolerów STM32",
    howpublished    = "Dostęp zdalny (13.01.2021): \url{https://blog.jetbrains.com/clion/2019/02/clion-2019-1-eap-clion-for-embedded-development-part-iii/}",
    year            = "2019",
}

@misc{b_site_CLion_STM_support_v2,
    title           = "Strona internetowa opisująca wsparcie starszych wersji środowiska CLion dla mikrokontrolerów STM32",
    howpublished    = "Dostęp zdalny (13.01.2021): \url{https://blog.jetbrains.com/clion/2017/12/clion-for-embedded-development-part-ii/}",
    year            = "2017",
}

@misc{b_site_Matlab_fminunc,
    title           = "Strona internetowa opisująca funkcję fminunc Matlaba",
    howpublished    = "Dostęp zdalny (13.01.2021): \url{https://www.mathworks.com/help/optim/ug/fminunc.html}",
    year            = "2020",
}

@misc{b_site_robot_definition,
    title           = "Strona internetowa Międzynarodowej Federacji Robotyki opisująca definicję robota usługowego",
    howpublished    = "Dostęp zdalny (13.01.2021): \url{https://ifr.org/service-robots/}",
    year            = "2018",
}

@misc{b_site_roomba,
    title           = "Strona internetowa producenta robotów sprzątających Roomba",
    howpublished    = "Dostęp zdalny (13.01.2021): \url{https://irobot.pl/pl/}",
    year            = "2021",
}

@misc{b_site_baxter,
    title           = "Strona internetowa producenta robota Baxter",
    howpublished    = "Dostęp zdalny (13.01.2021): \url{https://www.rethinkrobotics.com/}",
    year            = "2012",
}

@misc{b_site_Amy,
    title           = "Strona internetowa producenta robotów kelnerów Amy",
    howpublished    = "Dostęp zdalny (13.01.2021): \url{https://en.csjbot.com/}",
    year            = "2021",
}

@misc{b_site_kamami_tasma,
    title           = "Strona internetowa zawierająca informację o zakupionej taśmie miedzianej",
    howpublished    = "Dostęp zdalny (13.01.2021): \url{https://kamami.pl/wycofane-z-oferty/566686-tasma-miedziana-ochronna-50mm-x-30m.html}",
    year            = "2019",
}

@misc{b_site_kamami_folia,
    title           = "Strona internetowa zawierająca informację o zakupionej folii Velostat",
    howpublished    = "Dostęp zdalny (13.01.2021): \url{https://www.adafruit.com/product/1361}",
    year            = "2013",
}

@misc{b_site_STM32,
    title           = "Strona internetowa zawierająca informację o mikrokontrolerach z rodziny STM32",
    howpublished    = "Dostęp zdalny (13.01.2021): \url{https://www.st.com/en/microcontrollers-microprocessors/stm32-32-bit-arm-cortex-mcus.html}",
    year            = "2021",
}

@misc{b_site_ROS_twist,
    title           = "Strona internetowa opisująca wiadomość typu Twist w systemie ROS",
    howpublished    = "Dostęp zdalny (13.01.2021): \url{http://docs.ros.org/en/jade/api/geometry_msgs/html/msg/Twist.html}",
    year            = "2017",
}

@misc{b_site_vimeo_gazebo,
    title           = "Film prezentujący działanie sztucznej skóry podczas testów w symulatorze Gazebo",
    howpublished    = "Dostęp zdalny (13.01.2021): \url{https://vimeo.com/502385641}",
    year            = "2021",
}

@misc{b_site_vimeo_kwadrat,
    title           = "Film prezentujący działanie sztucznej skóry podczas testów na robocie",
    howpublished    = "Dostęp zdalny (13.01.2021): \url{https://vimeo.com/502728680}",
    year            = "2021",
}

@misc{b_site_vimeo_okrag,
    title           = "Film prezentujący działanie drugiego prototypu sztucznej skóry podczas testów na robocie",
    howpublished    = "Dostęp zdalny (5.06.2021): \url{}",
    year            = "2021",
}
